{
    "symbol": "PSNY",
    "annualReports": [
        {
            "fiscalDateEnding": "2023-12-31",
            "reportedCurrency": "USD",
            "grossProfit": "83181000",
            "totalRevenue": "2829597000",
            "costOfRevenue": "2746416000",
            "costofGoodsAndServicesSold": "2746416000",
            "operatingIncome": "-563740000",
            "sellingGeneralAndAdministrative": "924051000",
            "researchAndDevelopment": "180065000",
            "operatingExpenses": "3393337000",
            "investmentIncomeNet": "None",
            "netInterestIncome": "-90899000",
            "interestIncome": "27660000",
            "interestExpense": "119448000",
            "nonInterestIncome": "None",
            "otherNonOperatingIncome": "None",
            "depreciation": "None",
            "depreciationAndAmortization": "None",
            "incomeBeforeTax": "-719020000",
            "incomeTaxExpense": "None",
            "interestAndDebtExpense": "None",
            "netIncomeFromContinuingOperations": "-730842000",
            "comprehensiveIncomeNetOfTax": "None",
            "ebit": "None",
            "ebitda": "None",
            "netIncome": "-730842000"
        },
        {
            "fiscalDateEnding": "2022-12-31",
            "reportedCurrency": "USD",
            "grossProfit": "119443000",
            "totalRevenue": "2461897000",
            "costOfRevenue": "2342454000",
            "costofGoodsAndServicesSold": "2342454000",
            "operatingIncome": "-913960000",
            "sellingGeneralAndAdministrative": "864598000",
            "researchAndDevelopment": "170987000",
            "operatingExpenses": "1033403000",
            "investmentIncomeNet": "None",
            "netInterestIncome": "-99884000",
            "interestIncome": "8551000",
            "interestExpense": "108435000",
            "nonInterestIncome": "None",
            "otherNonOperatingIncome": "None",
            "depreciation": "None",
            "depreciationAndAmortization": "193607000",
            "incomeBeforeTax": "-449005000",
            "incomeTaxExpense": "16783000",
            "interestAndDebtExpense": "None",
            "netIncomeFromContinuingOperations": "-465788000",
            "comprehensiveIncomeNetOfTax": "None",
            "ebit": "-913960000",
            "ebitda": "-720353000",
            "netIncome": "-465788000"
        },
        {
            "fiscalDateEnding": "2021-12-31",
            "reportedCurrency": "USD",
            "grossProfit": "860000",
            "totalRevenue": "1337181000",
            "costOfRevenue": "1336321000",
            "costofGoodsAndServicesSold": "1336321000",
            "operatingIncome": "-945541000",
            "sellingGeneralAndAdministrative": "714724000",
            "researchAndDevelopment": "232922000",
            "operatingExpenses": "946401000",
            "investmentIncomeNet": "None",
            "netInterestIncome": "-43853000",
            "interestIncome": "1396000",
            "interestExpense": "45236000",
            "nonInterestIncome": "None",
            "otherNonOperatingIncome": "None",
            "depreciation": "None",
            "depreciationAndAmortization": "240547000",
            "incomeBeforeTax": "-1007118000",
            "incomeTaxExpense": "336000",
            "interestAndDebtExpense": "None",
            "netIncomeFromContinuingOperations": "-1007454000",
            "comprehensiveIncomeNetOfTax": "None",
            "ebit": "-945541000",
            "ebitda": "-704994000",
            "netIncome": "-1007454000"
        },
        {
            "fiscalDateEnding": "2020-12-31",
            "reportedCurrency": "USD",
            "grossProfit": "56521000",
            "totalRevenue": "610245000",
            "costOfRevenue": "553724000",
            "costofGoodsAndServicesSold": "553724000",
            "operatingIncome": "-442966000",
            "sellingGeneralAndAdministrative": "314926000",
            "researchAndDevelopment": "183849000",
            "operatingExpenses": "499487000",
            "investmentIncomeNet": "None",
            "netInterestIncome": "-23308000",
            "interestIncome": "3199000",
            "interestExpense": "26501000",
            "nonInterestIncome": "None",
            "otherNonOperatingIncome": "None",
            "depreciation": "None",
            "depreciationAndAmortization": "219270000",
            "incomeBeforeTax": "-471323000",
            "incomeTaxExpense": "13535000",
            "interestAndDebtExpense": "None",
            "netIncomeFromContinuingOperations": "-484858000",
            "comprehensiveIncomeNetOfTax": "None",
            "ebit": "-442966000",
            "ebitda": "-223696000",
            "netIncome": "-484858000"
        },
        {
            "fiscalDateEnding": "2019-12-31",
            "reportedCurrency": "USD",
            "grossProfit": "52625000",
            "totalRevenue": "92415000",
            "costOfRevenue": "39790000",
            "costofGoodsAndServicesSold": "39790000",
            "operatingIncome": "-191908000",
            "sellingGeneralAndAdministrative": "210572000",
            "researchAndDevelopment": "34386000",
            "operatingExpenses": "244533000",
            "investmentIncomeNet": "None",
            "netInterestIncome": "-7906000",
            "interestIncome": "13286000",
            "interestExpense": "18938000",
            "nonInterestIncome": "None",
            "otherNonOperatingIncome": "None",
            "depreciation": "None",
            "depreciationAndAmortization": "43584000",
            "incomeBeforeTax": "-195960000",
            "incomeTaxExpense": "2015000",
            "interestAndDebtExpense": "None",
            "netIncomeFromContinuingOperations": "-197975000",
            "comprehensiveIncomeNetOfTax": "None",
            "ebit": "-191908000",
            "ebitda": "-148324000",
            "netIncome": "-197975000"
        }
    ],
    "quarterlyReports": [
        {
            "fiscalDateEnding": "2023-09-30",
            "reportedCurrency": "USD",
            "grossProfit": "3601000",
            "totalRevenue": "613182000",
            "costOfRevenue": "609581000",
            "costofGoodsAndServicesSold": "609581000",
            "operatingIncome": "-261205000",
            "sellingGeneralAndAdministrative": "236246000",
            "researchAndDevelopment": "54865000",
            "operatingExpenses": "264806000",
            "investmentIncomeNet": "None",
            "netInterestIncome": "-54392000",
            "interestIncome": "8997000",
            "interestExpense": "63389000",
            "nonInterestIncome": "None",
            "otherNonOperatingIncome": "None",
            "depreciation": "None",
            "depreciationAndAmortization": "44425000",
            "incomeBeforeTax": "-152790000",
            "incomeTaxExpense": "2579000",
            "interestAndDebtExpense": "None",
            "netIncomeFromContinuingOperations": "-155369000",
            "comprehensiveIncomeNetOfTax": "None",
            "ebit": "-252208000",
            "ebitda": "-207783000",
            "netIncome": "-155369000"
        },
        {
            "fiscalDateEnding": "2023-06-30",
            "reportedCurrency": "USD",
            "grossProfit": "-810000",
            "totalRevenue": "685247000",
            "costOfRevenue": "686057000",
            "costofGoodsAndServicesSold": "686057000",
            "operatingIncome": "-274350000",
            "sellingGeneralAndAdministrative": "259627000",
            "researchAndDevelopment": "45610000",
            "operatingExpenses": "273540000",
            "investmentIncomeNet": "None",
            "netInterestIncome": "-57399000",
            "interestIncome": "7037000",
            "interestExpense": "64436000",
            "nonInterestIncome": "None",
            "otherNonOperatingIncome": "None",
            "depreciation": "None",
            "depreciationAndAmortization": "25079000",
            "incomeBeforeTax": "-301449000",
            "incomeTaxExpense": "2608000",
            "interestAndDebtExpense": "None",
            "netIncomeFromContinuingOperations": "-304057000",
            "comprehensiveIncomeNetOfTax": "None",
            "ebit": "-267313000",
            "ebitda": "-242234000",
            "netIncome": "-304057000"
        },
        {
            "fiscalDateEnding": "2023-03-31",
            "reportedCurrency": "USD",
            "grossProfit": "61968000",
            "totalRevenue": "985151000",
            "costOfRevenue": "923183000",
            "costofGoodsAndServicesSold": "923183000",
            "operatingIncome": "-204697000",
            "sellingGeneralAndAdministrative": "239174000",
            "researchAndDevelopment": "47634000",
            "operatingExpenses": "266665000",
            "investmentIncomeNet": "None",
            "netInterestIncome": "-20628000",
            "interestIncome": "8530000",
            "interestExpense": "117603000",
            "nonInterestIncome": "None",
            "otherNonOperatingIncome": "None",
            "depreciation": "None",
            "depreciationAndAmortization": "109094000",
            "incomeBeforeTax": "-258200000",
            "incomeTaxExpense": "4240000",
            "interestAndDebtExpense": "None",
            "netIncomeFromContinuingOperations": "-8977000",
            "comprehensiveIncomeNetOfTax": "None",
            "ebit": "-204697000",
            "ebitda": "-95603000",
            "netIncome": "-262440000"
        },
        {
            "fiscalDateEnding": "2022-12-31",
            "reportedCurrency": "USD",
            "grossProfit": "61968000",
            "totalRevenue": "985151000",
            "costOfRevenue": "923183000",
            "costofGoodsAndServicesSold": "923183000",
            "operatingIncome": "-204697000",
            "sellingGeneralAndAdministrative": "239174000",
            "researchAndDevelopment": "47634000",
            "operatingExpenses": "266665000",
            "investmentIncomeNet": "None",
            "netInterestIncome": "10597000",
            "interestIncome": "10597000",
            "interestExpense": "117603000",
            "nonInterestIncome": "None",
            "otherNonOperatingIncome": "None",
            "depreciation": "None",
            "depreciationAndAmortization": "109094000",
            "incomeBeforeTax": "-258200000",
            "incomeTaxExpense": "4240000",
            "interestAndDebtExpense": "None",
            "netIncomeFromContinuingOperations": "-262440000",
            "comprehensiveIncomeNetOfTax": "None",
            "ebit": "-204697000",
            "ebitda": "-95603000",
            "netIncome": "-262440000"
        },
        {
            "fiscalDateEnding": "2022-09-30",
            "reportedCurrency": "USD",
            "grossProfit": "4059000",
            "totalRevenue": "435449000",
            "costOfRevenue": "431390000",
            "costofGoodsAndServicesSold": "431390000",
            "operatingIncome": "-196401000",
            "sellingGeneralAndAdministrative": "178643000",
            "researchAndDevelopment": "24598000",
            "operatingExpenses": "200460000",
            "investmentIncomeNet": "None",
            "netInterestIncome": "-59828000",
            "interestIncome": "711000",
            "interestExpense": "60539000",
            "nonInterestIncome": "None",
            "otherNonOperatingIncome": "None",
            "depreciation": "None",
            "depreciationAndAmortization": "70074000",
            "incomeBeforeTax": "304791000",
            "incomeTaxExpense": "5404000",
            "interestAndDebtExpense": "None",
            "netIncomeFromContinuingOperations": "299387000",
            "comprehensiveIncomeNetOfTax": "None",
            "ebit": "-196401000",
            "ebitda": "-126327000",
            "netIncome": "299387000"
        },
        {
            "fiscalDateEnding": "2022-06-30",
            "reportedCurrency": "USD",
            "grossProfit": "60681000",
            "totalRevenue": "589070000",
            "costOfRevenue": "528389000",
            "costofGoodsAndServicesSold": "528389000",
            "operatingIncome": "-254949000",
            "sellingGeneralAndAdministrative": "234227000",
            "researchAndDevelopment": "66670000",
            "operatingExpenses": "844019000",
            "investmentIncomeNet": "None",
            "netInterestIncome": "-38474000",
            "interestIncome": "4979000",
            "interestExpense": "33495000",
            "nonInterestIncome": "None",
            "otherNonOperatingIncome": "None",
            "depreciation": "None",
            "depreciationAndAmortization": "None",
            "incomeBeforeTax": "-225503000",
            "incomeTaxExpense": "3569500",
            "interestAndDebtExpense": "None",
            "netIncomeFromContinuingOperations": "-228244000",
            "comprehensiveIncomeNetOfTax": "None",
            "ebit": "-256431000",
            "ebitda": "-158261000",
            "netIncome": "-228244000"
        },
        {
            "fiscalDateEnding": "2022-03-31",
            "reportedCurrency": "USD",
            "grossProfit": "-7265000",
            "totalRevenue": "452227000",
            "costOfRevenue": "459492000",
            "costofGoodsAndServicesSold": "459492000",
            "operatingIncome": "-257913000",
            "sellingGeneralAndAdministrative": "212554000",
            "researchAndDevelopment": "32085000",
            "operatingExpenses": "250648000",
            "investmentIncomeNet": "None",
            "netInterestIncome": "-12179000",
            "interestIncome": "5753000",
            "interestExpense": "17932000",
            "nonInterestIncome": "None",
            "otherNonOperatingIncome": "None",
            "depreciation": "None",
            "depreciationAndAmortization": "36953000",
            "incomeBeforeTax": "-270092000",
            "incomeTaxExpense": "4398000",
            "interestAndDebtExpense": "None",
            "netIncomeFromContinuingOperations": "-274490000",
            "comprehensiveIncomeNetOfTax": "None",
            "ebit": "-252160000",
            "ebitda": "-215207000",
            "netIncome": "-274490000"
        },
        {
            "fiscalDateEnding": "2021-12-31",
            "reportedCurrency": "USD",
            "grossProfit": "-200000",
            "totalRevenue": "589507000",
            "costOfRevenue": "589707000",
            "costofGoodsAndServicesSold": "589707000",
            "operatingIncome": "-337295000",
            "sellingGeneralAndAdministrative": "236580000",
            "researchAndDevelopment": "75522000",
            "operatingExpenses": "287797000",
            "investmentIncomeNet": "None",
            "netInterestIncome": "-40143000",
            "interestIncome": "23405000",
            "interestExpense": "16725000",
            "nonInterestIncome": "None",
            "otherNonOperatingIncome": "None",
            "depreciation": "None",
            "depreciationAndAmortization": "54733000",
            "incomeBeforeTax": "-345864000",
            "incomeTaxExpense": "-9078000",
            "interestAndDebtExpense": "None",
            "netIncomeFromContinuingOperations": "-336786000",
            "comprehensiveIncomeNetOfTax": "None",
            "ebit": "-311415000",
            "ebitda": "-256682000",
            "netIncome": "-336786000"
        },
        {
            "fiscalDateEnding": "2021-09-30",
            "reportedCurrency": "USD",
            "grossProfit": "-34751000",
            "totalRevenue": "212896000",
            "costOfRevenue": "247647000",
            "costofGoodsAndServicesSold": "247647000",
            "operatingIncome": "-292861000",
            "sellingGeneralAndAdministrative": "199290000",
            "researchAndDevelopment": "50529000",
            "operatingExpenses": "258110000",
            "investmentIncomeNet": "None",
            "netInterestIncome": "-6529000",
            "interestIncome": "9606000",
            "interestExpense": "16135000",
            "nonInterestIncome": "None",
            "otherNonOperatingIncome": "None",
            "depreciation": "None",
            "depreciationAndAmortization": "62705000",
            "incomeBeforeTax": "-299390000",
            "incomeTaxExpense": "3058000",
            "interestAndDebtExpense": "None",
            "netIncomeFromContinuingOperations": "-302448000",
            "comprehensiveIncomeNetOfTax": "None",
            "ebit": "-283255000",
            "ebitda": "-220550000",
            "netIncome": "-302448000"
        },
        {
            "fiscalDateEnding": "2021-06-30",
            "reportedCurrency": "USD",
            "grossProfit": "None",
            "totalRevenue": "None",
            "costOfRevenue": "None",
            "costofGoodsAndServicesSold": "None",
            "operatingIncome": "-11225379",
            "sellingGeneralAndAdministrative": "593568",
            "researchAndDevelopment": "None",
            "operatingExpenses": "643568",
            "investmentIncomeNet": "None",
            "netInterestIncome": "None",
            "interestIncome": "None",
            "interestExpense": "24110",
            "nonInterestIncome": "None",
            "otherNonOperatingIncome": "None",
            "depreciation": "None",
            "depreciationAndAmortization": "3591",
            "incomeBeforeTax": "-11197678",
            "incomeTaxExpense": "-3591",
            "interestAndDebtExpense": "None",
            "netIncomeFromContinuingOperations": "None",
            "comprehensiveIncomeNetOfTax": "None",
            "ebit": "-11225379",
            "ebitda": "-11221788",
            "netIncome": "-11194087"
        },
        {
            "fiscalDateEnding": "2021-03-31",
            "reportedCurrency": "USD",
            "grossProfit": "None",
            "totalRevenue": "None",
            "costOfRevenue": "None",
            "costofGoodsAndServicesSold": "None",
            "operatingIncome": "-118999",
            "sellingGeneralAndAdministrative": "68999",
            "researchAndDevelopment": "None",
            "operatingExpenses": "118999",
            "investmentIncomeNet": "None",
            "netInterestIncome": "None",
            "interestIncome": "None",
            "interestExpense": "780685",
            "nonInterestIncome": "None",
            "otherNonOperatingIncome": "None",
            "depreciation": "None",
            "depreciationAndAmortization": "-2029822",
            "incomeBeforeTax": "-1368136",
            "incomeTaxExpense": "2029822",
            "interestAndDebtExpense": "None",
            "netIncomeFromContinuingOperations": "None",
            "comprehensiveIncomeNetOfTax": "None",
            "ebit": "-118999",
            "ebitda": "-2148821",
            "netIncome": "-3397958"
        },
        {
            "fiscalDateEnding": "2020-12-31",
            "reportedCurrency": "USD",
            "grossProfit": "None",
            "totalRevenue": "None",
            "costOfRevenue": "None",
            "costofGoodsAndServicesSold": "None",
            "operatingIncome": "None",
            "sellingGeneralAndAdministrative": "None",
            "researchAndDevelopment": "None",
            "operatingExpenses": "None",
            "investmentIncomeNet": "None",
            "netInterestIncome": "None",
            "interestIncome": "None",
            "interestExpense": "None",
            "nonInterestIncome": "None",
            "otherNonOperatingIncome": "None",
            "depreciation": "None",
            "depreciationAndAmortization": "None",
            "incomeBeforeTax": "None",
            "incomeTaxExpense": "7285500",
            "interestAndDebtExpense": "None",
            "netIncomeFromContinuingOperations": "None",
            "comprehensiveIncomeNetOfTax": "None",
            "ebit": "-114236000",
            "ebitda": "None",
            "netIncome": "None"
        },
        {
            "fiscalDateEnding": "2020-09-30",
            "reportedCurrency": "USD",
            "grossProfit": "None",
            "totalRevenue": "None",
            "costOfRevenue": "None",
            "costofGoodsAndServicesSold": "None",
            "operatingIncome": "None",
            "sellingGeneralAndAdministrative": "None",
            "researchAndDevelopment": "None",
            "operatingExpenses": "None",
            "investmentIncomeNet": "None",
            "netInterestIncome": "None",
            "interestIncome": "None",
            "interestExpense": "None",
            "nonInterestIncome": "None",
            "otherNonOperatingIncome": "None",
            "depreciation": "None",
            "depreciationAndAmortization": "None",
            "incomeBeforeTax": "None",
            "incomeTaxExpense": "7285500",
            "interestAndDebtExpense": "None",
            "netIncomeFromContinuingOperations": "None",
            "comprehensiveIncomeNetOfTax": "None",
            "ebit": "-114236000",
            "ebitda": "None",
            "netIncome": "None"
        },
        {
            "fiscalDateEnding": "2020-06-30",
            "reportedCurrency": "USD",
            "grossProfit": "None",
            "totalRevenue": "None",
            "costOfRevenue": "None",
            "costofGoodsAndServicesSold": "None",
            "operatingIncome": "None",
            "sellingGeneralAndAdministrative": "None",
            "researchAndDevelopment": "None",
            "operatingExpenses": "None",
            "investmentIncomeNet": "None",
            "netInterestIncome": "None",
            "interestIncome": "None",
            "interestExpense": "None",
            "nonInterestIncome": "None",
            "otherNonOperatingIncome": "None",
            "depreciation": "None",
            "depreciationAndAmortization": "None",
            "incomeBeforeTax": "None",
            "incomeTaxExpense": "-518000",
            "interestAndDebtExpense": "None",
            "netIncomeFromContinuingOperations": "None",
            "comprehensiveIncomeNetOfTax": "None",
            "ebit": "-106008000",
            "ebitda": "None",
            "netIncome": "None"
        },
        {
            "fiscalDateEnding": "2020-03-31",
            "reportedCurrency": "USD",
            "grossProfit": "None",
            "totalRevenue": "None",
            "costOfRevenue": "None",
            "costofGoodsAndServicesSold": "None",
            "operatingIncome": "None",
            "sellingGeneralAndAdministrative": "None",
            "researchAndDevelopment": "None",
            "operatingExpenses": "None",
            "investmentIncomeNet": "None",
            "netInterestIncome": "None",
            "interestIncome": "None",
            "interestExpense": "None",
            "nonInterestIncome": "None",
            "otherNonOperatingIncome": "None",
            "depreciation": "None",
            "depreciationAndAmortization": "None",
            "incomeBeforeTax": "None",
            "incomeTaxExpense": "-518000",
            "interestAndDebtExpense": "None",
            "netIncomeFromContinuingOperations": "None",
            "comprehensiveIncomeNetOfTax": "None",
            "ebit": "-106008000",
            "ebitda": "None",
            "netIncome": "None"
        }
    ]
}